<record><leader>00000cas a22000007a 4500</leader><controlfield tag="001">10266008</controlfield><controlfield tag="008">840105d18631864nvuir ne      0    0eng d</controlfield><datafield ind1=" " ind2=" " tag="010"><subfield code="a">sn 84022036 </subfield></datafield><datafield ind1=" " ind2=" " tag="040"><subfield code="a">NPX</subfield><subfield code="b">eng</subfield><subfield code="c">NPX</subfield><subfield code="d">NNX</subfield><subfield code="d">CNK</subfield><subfield code="d">CNW</subfield><subfield code="d">OCL</subfield><subfield code="d">OCLCQ</subfield><subfield code="d">OCLCO</subfield><subfield code="d">OCLCF</subfield></datafield><datafield ind1="1" ind2=" " tag="029"><subfield code="a">AU@</subfield><subfield code="b">000020228034</subfield></datafield><datafield ind1=" " ind2=" " tag="042"><subfield code="a">msc</subfield></datafield><datafield ind1=" " ind2=" " tag="043"><subfield code="a">n-us-nv</subfield></datafield><datafield ind1="0" ind2=" " tag="130"><subfield code="a">Reese River reveille (Austin, Nev. : 1863)</subfield></datafield><datafield ind1="1" ind2="0" tag="245"><subfield code="a">Reese River reveille.</subfield></datafield><datafield ind1=" " ind2=" " tag="260"><subfield code="a">Austin, N.T. [i.e Nev.] :</subfield><subfield code="b">W.C. Phillips,</subfield><subfield code="c">1863-1864.</subfield></datafield><datafield ind1=" " ind2=" " tag="300"><subfield code="a">1 volume ;</subfield><subfield code="c">46 cm</subfield></datafield><datafield ind1=" " ind2=" " tag="310"><subfield code="a">Triweekly,</subfield><subfield code="b">Nov. 27, 1863-May 21, 1864</subfield></datafield><datafield ind1=" " ind2=" " tag="321"><subfield code="a">Weekly,</subfield><subfield code="b">May 16, 1863-May 30, 1863</subfield></datafield><datafield ind1=" " ind2=" " tag="321"><subfield code="a">Semiweekly,</subfield><subfield code="b">June 3, 1863-Nov. 25, 1863</subfield></datafield><datafield ind1=" " ind2=" " tag="336"><subfield code="a">text</subfield><subfield code="b">txt</subfield><subfield code="2">rdacontent</subfield></datafield><datafield ind1=" " ind2=" " tag="337"><subfield code="a">unmediated</subfield><subfield code="b">n</subfield><subfield code="2">rdamedia</subfield></datafield><datafield ind1=" " ind2=" " tag="338"><subfield code="a">volume</subfield><subfield code="b">nc</subfield><subfield code="2">rdacarrier</subfield></datafield><datafield ind1="0" ind2=" " tag="362"><subfield code="a">Vol. 1, no. 1 (May 16, 1863)-v. 1, no. 131 (May 21, 1864).</subfield></datafield><datafield ind1=" " ind2=" " tag="500"><subfield code="a">Editors: W.C. Phillips, 1863; Adair Wilson, 1863; Myron Angel, 1863-1864.</subfield></datafield><datafield ind1=" " ind2=" " tag="500"><subfield code="a">Publishers: O.L.C. and J.D. Fairchild, 1863-1864.</subfield></datafield><datafield ind1=" " ind2=" " tag="500"><subfield code="a">Printer: Oscar L.C. Fairchild, 1863.</subfield></datafield><datafield ind1=" " ind2=" " tag="500"><subfield code="a">"Republican." Cf. Lingenfelter, R.E. Newspapers of Nev.</subfield></datafield><datafield ind1=" " ind2=" " tag="525"><subfield code="a">Supplements accompany some issues.</subfield></datafield><datafield ind1=" " ind2="0" tag="651"><subfield code="a">Austin (Nev.)</subfield><subfield code="v">Newspapers.</subfield></datafield><datafield ind1=" " ind2="7" tag="655"><subfield code="a">Newspapers.</subfield><subfield code="2">fast</subfield><subfield code="0">(OCoLC)fst01423814</subfield></datafield><datafield ind1=" " ind2="7" tag="651"><subfield code="a">Nevada</subfield><subfield code="z">Austin.</subfield><subfield code="2">fast</subfield><subfield code="0">(OCoLC)fst01220325</subfield></datafield><datafield ind1="1" ind2=" " tag="700"><subfield code="a">Angel, Myron.</subfield></datafield><datafield ind1="1" ind2=" " tag="700"><subfield code="a">Phillips, W. C.,</subfield><subfield code="d">-1864.</subfield></datafield><datafield ind1="1" ind2=" " tag="700"><subfield code="a">Wilson, Adair.</subfield></datafield><datafield ind1=" " ind2=" " tag="752"><subfield code="a">United States</subfield><subfield code="b">Nevada</subfield><subfield code="c">Lander</subfield><subfield code="d">Austin.</subfield></datafield><datafield ind1="0" ind2="0" tag="785"><subfield code="t">Daily Reese River reveille</subfield><subfield code="w">(DLC)sn 83026613</subfield><subfield code="w">(OCoLC)9889195</subfield></datafield></record>